@inproceedings{AbusiveLanguageDetection2016,
author = {Nobata, Chikashi and Tetreault, Joel and Thomas, Achint and Mehdad, Yashar and Chang, Yi},
year = {2016},
month = {04},
pages = {145-153},
title = {Abusive Language Detection in Online User Content},
doi = {10.1145/2872427.2883062}
}

@article{AutomatedHateSpeech2017,
author = {Davidson, Thomas and Warmsley, Dana and Macy, Michael and Weber, Ingmar},
year = {2017},
month = {03},
title = {Automated Hate Speech Detection and the Problem of Offensive Language},
volume = {11},
journal = {Proceedings of the International AAAI Conference on Web and Social Media},
doi = {10.1609/icwsm.v11i1.14955}
}

@article{BERT2018,
author = {Devlin, Jacob and Chang, Ming-Wei and Lee, Kenton and Toutanova, Kristina},
year = {2018},
month = {10},
title = {BERT: Pre-training of Deep Bidirectional Transformers for Language Understanding},
doi = {10.48550/arXiv.1810.04805}
}

@article{RoBERTa2019,
author = {Liu, Yinhan and Ott, Myle and Goyal, Naman and Du, Jingfei and Joshi, Mandar and Chen, Danqi and Levy, Omer and Lewis, Mike and Zettlemoyer, Luke and Stoyanov, Veselin},
year = {2019},
month = {07},
pages = {},
title = {RoBERTa: A Robustly Optimized BERT Pretraining Approach},
doi = {10.48550/arXiv.1907.11692}
}

@inproceedings{HateSpeechDetectionSurvey2017,
author = {Schmidt, Anna and Wiegand, Michael},
year = {2017},
month = {01},
pages = {1-10},
title = {A Survey on Hate Speech Detection using Natural Language Processing},
doi = {10.18653/v1/W17-1101}
}

@article{ToxicityDetectionContext2021,
author = {Xenos, Alexandros and Pavlopoulos, John and Androutsopoulos, Ion and Dixon, Lucas and Sorensen, Jeffrey and Laugier, Leo},
year = {2021},
month = {11},
pages = {},
title = {Toxicity Detection can be Sensitive to the Conversational Context},
doi = {10.48550/arXiv.2111.10223}
}

@article{EVALITA2018,
author = {Bosco, Cristina and Dell'Orletta, Felice and Poletto, Fabio and Sanguinetti, Manuela and Tesconi, Maurizio},
year = {2018},
month = {01},
pages = {67-74},
title = {Overview of the EVALITA 2018 Hate Speech Detection Task},
isbn = {9788831978422},
doi = {10.4000/books.aaccademia.4503}
}

@article{ResourcesBenchmarkHateSpeech2021,
author = {Poletto, Fabio and Basile, Valerio and Sanguinetti, Manuela and Bosco, Cristina and Patti, Viviana},
year = {2021},
month = {06},
pages = {1-47},
title = {Resources and benchmark corpora for hate speech detection: a systematic review},
volume = {55},
journal = {Language Resources and Evaluation},
doi = {10.1007/s10579-020-09502-8}
}

@article{PersonalityRecognitionConversationText2007,
author = {Mairesse, Francois and Walker, Marilyn and Mehl, Matthias and Moore, Roger},
year = {2007},
month = {09},
pages = {457-500},
title = {Using Linguistic Cues for the Automatic Recognition of Personality in Conversation and Text},
volume = {30},
journal = {J. Artif. Intell. Res. (JAIR)},
doi = {10.1613/jair.2349}
}

@inproceedings{WhoseThumb2006,
author = {Oberlander, Jon and Nowson, Scott},
year = {2006},
month = {01},
pages = {},
title = {Whose Thumb Is It Anyway? Classifying Author Personality from Weblog Text.}
}

@inproceedings{PersonalityTraitDetectionBERT2020,
author = {Kazemeini, Amirmohammad and Fatehi, Samin and Mehta, Yash and Eetemadi, Sauleh and Cambria, Erik},
year = {2020},
month = {07},
pages = {},
title = {Personality Trait Detection Using Bagged SVM over BERT Word Embedding Ensembles},
doi = {10.6084/m9.figshare.13012421}
}

@article{BLEU2002,
author = {Papineni, Kishore and Roukos, Salim and Ward, Todd and Zhu, Wei Jing},
year = {2002},
month = {10},
pages = {},
title = {BLEU: a Method for Automatic Evaluation of Machine Translation},
doi = {10.3115/1073083.1073135}
}

@inproceedings{ROUGE2004,
author = {Lin, Chin-Yew},
year = {2004},
month = {01},
pages = {10},
title = {ROUGE: A Package for Automatic Evaluation of summaries},
journal = {Proceedings of the ACL Workshop: Text Summarization Braches Out 2004}
}